@misc{survey,
	title="Safety Culture Survey: Overview of recommended best practices for measuring and evaluating your safety culture",
	howpublished="https://www.nbaa.org/ops/safety/leadership/Safety-Culture-Survey.pdf",
	year="2014",
	note="Diakses: 1-Februari-2017"
}

@misc{perka,
	title="Peraturan Kepala BATAN Nomor 200/KA/X/2012 tentang Pedoman Pelaksanaan Budaya Keselamatan",
	howpublished="http://www.batan.go.id/peraturan/download/1048200406Peraturan\_Budaya\_Keselamatan.pdf",
	year="2012",
	note="Diakses: 1-Februari-2017"
}

@misc{scart,
	title="SCART Guidelines: Reference report for IAEA Safety Culture Assessment Review Team (SCART)",
	howpublished="http://www-ns.iaea.org/downloads/ni/s-reviews/scart-guidelines.pdf",
	year="2008",
	note="Diakses: 1-Februari-2017"
}

@misc{self,
	title="Self-assessment of safety culture in nuclear installations: Highlights and good practices",
	howpublished="http://www-pub.iaea.org/MTCD/Publications/PDF/te\_1321\_web.pdf",
	year="2002",
	note="Diakses: 1-Februari-2017"
}
